% Encoding: UTF-8

@InProceedings{Gibb2013,
  author        = {Gibb, Glen and Varghese, George and Horowitz, Mark and McKeown, Nick},
  title         = {Design Principles for Packet Parsers},
  booktitle     = {Proceedings of the Ninth ACM/IEEE Symposium on Architectures for Networking and Communications Systems},
  year          = {2013},
  series        = {ANCS '13},
  pages         = {13--24},
  address       = {Piscataway, NJ, USA},
  publisher     = {IEEE Press},
  __markedentry = {[maria:1]},
  acmid         = {2537860},
  isbn          = {978-1-4799-1640-5},
  keywords      = {design principles, parsing, reconfigurable parsers},
  location      = {San Jose, California, USA},
  numpages      = {12},
  url           = {http://dl.acm.org/citation.cfm?id=2537857.2537860},
}

@InProceedings{Anderson2014,
  author        = {Anderson, Carolyn Jane and Foster, Nate and Guha, Arjun and Jeannin, Jean-Baptiste and Kozen, Dexter and Schlesinger, Cole and Walker, David},
  title         = {NetKAT: Semantic Foundations for Networks},
  booktitle     = {Proceedings of the 41st ACM SIGPLAN-SIGACT Symposium on Principles of Programming Languages},
  year          = {2014},
  series        = {POPL '14},
  pages         = {113--126},
  address       = {New York, NY, USA},
  publisher     = {ACM},
  __markedentry = {[maria:1]},
  acmid         = {2535862},
  doi           = {10.1145/2535838.2535862},
  isbn          = {978-1-4503-2544-8},
  keywords      = {domain-specific languages, frenetic, kleene algebra with tests, netkat, network programming languages, software-defined networking},
  location      = {San Diego, California, USA},
  numpages      = {14},
  url           = {http://doi.acm.org/10.1145/2535838.2535862},
}

@InProceedings{Casey2013,
  author        = {C. Jasson Casey and A. Sutton and G. Dos Reis and A. Sprintson},
  title         = {Eliminating network protocol vulnerabilities through abstraction and systems language design},
  booktitle     = {2013 21st IEEE International Conference on Network Protocols (ICNP)},
  year          = {2013},
  pages         = {1-6},
  month         = {Oct},
  __markedentry = {[maria:1]},
  doi           = {10.1109/ICNP.2013.6733667},
  issn          = {1092-1648},
  keywords      = {program compilers;program diagnostics;programming languages;protocols;OpenFlow protocol;abstraction language design;message constraints;message handling operations;network protocol message specifications;network protocol stacks;network protocol vulnerability;network system development;program compiler;system language design;systems programming language;whole-program analysis;Arrays;Computer languages;Payloads;Program processors;Protocols;Semantics;Vectors},
}

@Article{Foster2013,
  author        = {Foster, Nate and Guha, Arjun and Reitblatt, Mark and Story, Alec and Freedman, Michael J. and Katta, Naga Praveen and Monsanto, Christopher and Reich, Joshua and Rexford, Jennifer and Schlesinger, Cole and Walker, David and Harrison, Robert},
  title         = {Languages for software-defined networks},
  journal       = {IEEE Communicationd Magazine},
  year          = {2013},
  volume        = {51},
  number        = {2},
  pages         = {128-34},
  month         = feb,
  issn          = {163-6804},
  __markedentry = {[maria:1]},
}

@Article{Pfaff2009,
  author        = {Pfaff, Ben and Pettit, Justin and Koponen, Teemu and Amidon, Keith and Casado, Martin and Shenkerz, Scott},
  title         = {Extending Networking into the Virtualization Layer},
  year          = {2009},
  month         = {01},
  __markedentry = {[maria:6]},
}

@InProceedings{Pip,
	author        = {Goodrick, Samuel and Sutton, Andrew},
	title         = {Pip},
	year          = {2018},
	url           = {https://github.com/asutton/pip/},
}

@InProceedings{SuttonCC,
	author        = {Sutton, Andrew},
	title         = {libCC},
	year          = {2017},
	url           = {https://gitlab.com/andrew.n.sutton/cc},
}

@InProceedings{SuttonSexpr,
	author        = {Sutton, Andrew},
	title         = {libsexpr},
	year          = {2017},
	url           = {https://gitlab.com/andrew.n.sutton/sexpr},
}

@InProceedings{Nguyen2016,
	author        = {Hoang Nguyen},
	title         = {Steve - A Programming Language for Packet Processing},
	year          = {2016},
	publisher     = {University of Akron},
}

@InProceedings{Turbak2008,
	author        = {Turbak, Franklyn and Glifford, David and Sheldon, Mark},
	title         = {Operational Semantics},
	booktitle     = {Design Concepts in Programming Languages},
	year          = {2008},
	pages         = {70--127},
	publisher     = {MIT Press},
	isbn          = {978-0-262-20175-9},
	numpages      = {57},
}

@InProceedings{Aho2007,
	author        = {Aho, Alfred V. and Lam, Monica S. and Sethi, Ravi and Ullman, Jeffrey D.},
	title         = {Syntax Definition},
	booktitle     = {Compilers: Principles, Techniques and Tools},
	year          = {2007},
	pages         = {40--52},
	publisher     = {Pearson Education},
	isbn          = {0-321-48681-1},
	numpages      = {12},
}

@InProceedings{Pierce2000,
	author        = {Pierce, Benjamin C.},
	title         = {Untyped Arithmetic Expressions},
	booktitle     = {Types and Programming Languages},
	year          = {2000},
	pages         = {20--30},
	publisher     = {MIT Press},
	numpages      = {10},
}
